


@article{ba-dv1985,
  author =	 " K.J. Bathe, E.N. Dvorkin",
  title =	 A four-node plate bending element based on Mindlin-Reissner plate theory and a mixed interpolation,
  year =	 "1985",
  journal =	 "Internat. J. Numer. Methods Engrg.",
  volume =       "21",
  pages =	 "367-383",
}